%------------------------------------------------------------------------------
% ARTIGO REFERENCIAL
%------------------------------------------------------------------------------
@InCollection{dzwinel:04,
  author = 	 {Witold Dzwinel},
  title = 	 {A Cellular Automata Model of Population Infected by Periodic Plague},
  booktitle = 	 {Sloot, P.M.A., Chopard, B., Hoekstra, A.G.},
  publisher =    {ACRI 2004. LNCS, vol. 3305, pp. 464-473.},
  year = 	 {2004},
  editor = 	 {Springer Heidelberg}
}


%------------------------------------------------------------------------------
% ARTIGOS CITADOS NO ARTIGO REFERENCIAL
%------------------------------------------------------------------------------
@article{almeida1998theoretical,
  title={Theoretical approach to biological aging},
  author={Almeida, RMC de and Oliveira, S and Penna, TJP},
  journal={Physica A: Statistical Mechanics and its Applications},
  volume={253},
  number={1},
  pages={366--378},
  year={1998},
  publisher={Elsevier}
}

@article{de1998strategies,
  title={Strategies of Reproduction and Longevity},
  author={de Menezes, M Argollo and Racco, A and Penna, TJP},
  journal={International Journal of Modern Physics C},
  volume={9},
  number={06},
  pages={787--791},
  year={1998},
  publisher={World Scientific}
}

%------------------------------------------------------------------------------
% ARTIGOS DIVERSOS
%------------------------------------------------------------------------------
@article{bastosautomatos,
  title={AUTOMATOS CELULARES E SUAS APLICA{\c{C}}{\~O}ES NO MEIO AMBIENTE},
  author={BASTOS, RAFAEL RODRIGUES}
}


%------------------------------------------------------------------------------
% WIKI
%------------------------------------------------------------------------------
@misc{wiki:ag,
   author = "Wikipédia",
   title = "Algoritmo genético --- Wikipédia{,} a enciclopédia livre",
   year = "2014",
   url = "http://pt.wikipedia.org/w/index.php?title=Algoritmo_gen%C3%A9tico&oldid=37940384",
   note = "[Online; accessed 14-fevereiro-2014]"
}

@misc{wiki:bt,
   author = "Wikipédia",
   title = "Pesquisa tabu --- Wikipédia{,} a enciclopédia livre",
   year = "2013",
   url = "\url{http://pt.wikipedia.org/w/index.php?title=Pesquisa_tabu&oldid=35981337}",
   note = "[Online; accessed 14-fevereiro-2014]"
}
